<?xml version="1.0" encoding="UTF-8"?><collection xmlns="http://www.loc.gov/MARC21/slim"><record><leader>00499nam--2200181-u-4500</leader><controlfield tag="001">000053952</controlfield><controlfield tag="002">20161230</controlfield><controlfield tag="005">20161230201051</controlfield><controlfield tag="008">110726s1000------------r-----000-0-rus-d</controlfield><datafield ind1=" " ind2=" " tag="040"><subfield code="a">IFIN-HH</subfield></datafield><datafield ind1=" " ind2=" " tag="041"><subfield code="a">rus</subfield></datafield><datafield ind1=" " ind2=" " tag="080"><subfield code="a">537.311.322:537.222.22</subfield></datafield><datafield ind1="1" ind2=" " tag="100"><subfield code="a">Anselm, A.I</subfield></datafield><datafield ind1="1" ind2=" " tag="245"><subfield code="a">Vvedenie v teoriyu poluprovodnikov</subfield><subfield code="b">Izdanie vtoroe, dopolnennoe i pererabotannoe</subfield><subfield code="c">A.i. anselm</subfield></datafield><datafield ind1=" " ind2=" " tag="260"><subfield code="a">Moskva</subfield><subfield code="b">Nauka</subfield><subfield code="c">1978</subfield></datafield><datafield ind1=" " ind2=" " tag="300"><subfield code="a">615P</subfield></datafield><datafield ind1=" " ind2=" " tag="852"><subfield code="a">47835</subfield><subfield code="c">537.311.33</subfield></datafield><datafield ind1=" " ind2=" " tag="CAT"><subfield code="a">Sys</subfield><subfield code="c">20110726</subfield><subfield code="h">094655</subfield></datafield></record></collection>